@book{Paynter61,
  author = {Paynter, Henry M.},
  title = {Analysis and Design of Engineering Systems},
  publisher = {The M.I.T. Press},
  year = {1961}
}

@inproceedings{DBLP:conf/lics/Henzinger96,
  author    = {Thomas A. Henzinger},
  title     = {The Theory of Hybrid Automata},
  booktitle = {LICS},
  year      = {1996},
  pages     = {278-292},
  publisher = {IEEE Computer Society},
  ee        = {http://doi.ieeecomputersociety.org/10.1109/LICS.1996.561342},
  bibsource = {DBLP, http://dblp.uni-trier.de}
}

